@article{kendon2019ukcpscience,
   author = {Kendon, E J and Fosser, Giorgia and Murphy, James and Chan, Steven and Clark, Robin and Harris, Glen and Lock, Adrian and Lowe, Jason and Martin, Gill and Pirret, Jenny and others},
   title = {UKCP Convection-permitting model projections: Science report},
   year = {2019},
   url = {https://www.metoffice.gov.uk/pub/data/weather/uk/ukcp18/science-reports/UKCP-Convection-permitting-model-projections-report.pdf},
   type = {Journal Article}
}

@article{klaver2020effectiveresolution,
   author = {Klaver, Remko and Haarsma, Rein and Vidale, Pier Luigi and Hazeleger, Wilco},
   title = {Effective resolution in high resolution global atmospheric models for climate studies},
   journal = {Atmospheric Science Letters},
   volume = {21},
   number = {4},
   ISSN = {1530-261X},
   DOI = {10.1002/asl.952},
   year = {2020},
   type = {Journal Article}
}


@article{gutierrez2019sdcomparison,
   author = {Gutiérrez, J. M. and Maraun, D. and Widmann, M. and Huth, R. and Hertig, E. and Benestad, R. and Roessler, O. and Wibig, J. and Wilcke, R. and Kotlarski, S. and San Martín, D. and Herrera, S. and Bedia, J. and Casanueva, A. and Manzanas, R. and Iturbide, M. and Vrac, M. and Dubrovsky, M. and Ribalaygua, J. and Pórtoles, J. and Räty, O. and Räisänen, J. and Hingray, B. and Raynaud, D. and Casado, M. J. and Ramos, P. and Zerenner, T. and Turco, M. and Bosshard, T. and Štěpánek, P. and Bartholy, J. and Pongracz, R. and Keller, D. E. and Fischer, A. M. and Cardoso, R. M. and Soares, P. M. M. and Czernecki, B. and Pagé, C.},
   title = {An intercomparison of a large ensemble of statistical downscaling methods over Europe: Results from the VALUE perfect predictor cross-validation experiment},
   journal = {International Journal of Climatology},
   volume = {39},
   number = {9},
   pages = {3750-3785},
   DOI = {10.1002/joc.5462},
   year = {2019},
   type = {Journal Article}
}

@article{maraun2019sddownscaling,
   author = {Maraun, D. and Widmann, M. and Gutierrez, J. M.},
   title = {Statistical downscaling skill under present climate conditions: A synthesis of the VALUE perfect predictor experiment},
   journal = {International Journal of Climatology},
   volume = {39},
   number = {9},
   pages = {3692-3703},
   DOI = {10.1002/joc.5877},
   year = {2019},
   type = {Journal Article}
}

@article{vandal2018mldownscaling,
   author = {Vandal, Thomas and Kodra, Evan and Ganguly, Auroop R.},
   title = {Intercomparison of machine learning methods for statistical downscaling: the case of daily and extreme precipitation},
   journal = {Theoretical and Applied Climatology},
   volume = {137},
   number = {1-2},
   pages = {557-570},
   DOI = {10.1007/s00704-018-2613-3},
   year = {2018},
   type = {Journal Article}
}

@article{walton2015hybriddownscaling,
   author = {Walton, D. B. and Sun, F. P. and Hall, A. and Capps, S.},
   title = {A Hybrid Dynamical-Statistical Downscaling Technique. Part I: Development and Validation of the Technique},
   journal = {Journal of Climate},
   volume = {28},
   number = {12},
   pages = {4597-4617},
   DOI = {10.1175/Jcli-D-14-00196.1},
   year = {2015},
   type = {Journal Article}
}

@article{fowler2007downscaling4hydrology,
   author = {Fowler, H. J. and Blenkinsop, S. and Tebaldi, C.},
   title = {Linking climate change modelling to impacts studies: recent advances in downscaling techniques for hydrological modelling},
   journal = {International Journal of Climatology},
   volume = {27},
   number = {12},
   pages = {1547-1578},
   DOI = {10.1002/joc.1556},
   year = {2007},
   type = {Journal Article}
}

@article{burger2012extrememetrics,
   author = {Bürger, G. and Murdock, T. Q. and Werner, A. T. and Sobie, S. R. and Cannon, A. J.},
   title = {Downscaling Extremes—An Intercomparison of Multiple Statistical Methods for Present Climate},
   journal = {Journal of Climate},
   volume = {25},
   number = {12},
   pages = {4366-4388},
   ISSN = {0894-8755
1520-0442},
   DOI = {10.1175/jcli-d-11-00408.1},
   year = {2012},
   type = {Journal Article}
}

@article{donat2016precipextreme,
   author = {Donat, Markus G. and Lowry, Andrew L. and Alexander, Lisa V. and O'Gorman, Paul A. and Maher, Nicola},
   title = {More extreme precipitation in the world's dry and wet regions},
   journal = {Nature Climate Change},
   volume = {6},
   pages = {508-513},
   DOI = {10.1038/nclimate2941},
   year = {2016},
   type = {Journal Article}
}

@article{chan2018precippredictors,
   author = {Chan, S. C. and Kendon, E. J. and Roberts, N. and Blenkinsop, S. and Fowler, H. J.},
   title = {Large-Scale Predictors for Extreme Hourly Precipitation Events in Convection-Permitting Climate Simulations},
   journal = {Journal of Climate},
   volume = {31},
   number = {6},
   pages = {2115-2131},
   ISSN = {0894-8755},
   DOI = {10.1175/Jcli-D-17-0404.1},
   year = {2018},
   type = {Journal Article}
}

@article{christensen2010biasinrcms,
   author = {Christensen, J. H. and Boberg, F. and Christensen, O. B. and Lucas-Picher, P.},
   title = {On the need for bias correction of regional climate change projections of temperature and precipitation},
   journal = {Geophysical Research Letters},
   volume = {35},
   number = {20},
   ISSN = {0094-8276},
   DOI = {10.1029/2008gl035694},
   year = {2008},
   type = {Journal Article}
}

@article{sharma2018precipfloodextremes,
   author = {Sharma, Ashish and Wasko, Conrad and Lettenmaier, Dennis P.},
   title = {If Precipitation Extremes Are Increasing, Why Aren't Floods?},
   journal = {Water Resources Research},
   volume = {54},
   number = {11},
   pages = {8545-8551},
   ISSN = {0043-1397},
   DOI = {10.1029/2018wr023749},
   year = {2018},
   type = {Journal Article}
}

@article{hausfather2020rcp85misleading,
   author = {Hausfather, Z. and Peters, G. P.},
   title = {Emissions - the 'business as usual' story is misleading},
   journal = {Nature},
   volume = {577},
   number = {7792},
   pages = {618-620},
   ISSN = {1476-4687 (Electronic)
0028-0836 (Linking)},
   DOI = {10.1038/d41586-020-00177-3},
   year = {2020},
   type = {Journal Article}
}

@article{tapiador2020rcmreview,
   author = {Tapiador, Francisco J. and Navarro, Andrés and Moreno, Raúl and Sánchez, José Luis and García-Ortega, Eduardo},
   title = {Regional climate models: 30 years of dynamical downscaling},
   journal = {Atmospheric Research},
   volume = {235},
   pages = {104785},
   ISSN = {01698095},
   DOI = {10.1016/j.atmosres.2019.104785},
   year = {2020},
   type = {Journal Article}
}

@article{rasp2018dlsubgridclimmodel,
   author = {Rasp, S. and Pritchard, M. S. and Gentine, P.},
   title = {Deep learning to represent subgrid processes in climate models},
   journal = {Proc Natl Acad Sci U S A},
   volume = {115},
   number = {39},
   pages = {9684-9689},
   ISSN = {1091-6490 (Electronic)
0027-8424 (Linking)},
   DOI = {10.1073/pnas.1810286115},
   year = {2018},
   type = {Journal Article}
}

@article{gentine2018mlsuperparam,
   author = {Gentine, P. and Pritchard, M. and Rasp, S. and Reinaudi, G. and Yacalis, G.},
   title = {Could Machine Learning Break the Convection Parameterization Deadlock?},
   journal = {Geophysical Research Letters},
   volume = {45},
   number = {11},
   pages = {5742-5751},
   ISSN = {0094-8276
1944-8007},
   DOI = {10.1029/2018gl078202},
   year = {2018},
   type = {Journal Article}
}

@article{christensen2008rcmbiascorrection,
   author = {Christensen, J. H. and Boberg, F. and Christensen, O. B. and Lucas-Picher, P.},
   title = {On the need for bias correction of regional climate change projections of temperature and precipitation},
   journal = {Geophysical Research Letters},
   volume = {35},
   number = {20},
   ISSN = {0094-8276},
   DOI = {Artn L20709
10.1029/2008gl035694},
   year = {2008},
   type = {Journal Article}
}

