@dataset{ukcp18local,
    author = {{Met Office Hadley Centre}},
    year = {2019},
    publisher = {Centre for Environmental Data Analysis},
    title = {{UKCP18 Local Projections at 2.2km Resolution for 1980-2080}},
    url = {https://catalogue.ceda.ac.uk/uuid/d5822183143c4011a2bb304ee7c0baf7},
    urldate = {2021-06-09}
}

@dataset{ukcp18global,
    author = {{Met Office Hadley Centre}},
    year = {2018},
    publisher = {Centre for Environmental Data Analysis},
    title = {{UKCP18 Global Projections at 60km Resolution for 1900-2100}},
    url = {https://catalogue.ceda.ac.uk/uuid/97bc0c622a24489aa105f5b8a8efa3f0},
    urldate = {2021-06-09}
}

@techreport{metoffice2018rcpguidance,
title = {{UKCP18 Guidance: Representative Concentration Pathways}},
author = {{Met Office Hadley Centre}},
url = {https://www.metoffice.gov.uk/binaries/content/assets/metofficegovuk/pdf/research/ukcp/ukcp18-guidance---representative-concentration-pathways.pdf},
year = {2018}
}
