
@article{walker2021videovqvae,
   author = {Walker, Jacob and Razavi, Ali and Oord, Aaron van den},
   title = {Predicting Video with VQVAE},
   year = {2021},
   type = {Journal Article},
   DOI = {arxiv:2103.01950}
}

@article{Leinonen2020GANsd,
   author = {Leinonen, Jussi and Nerini, Daniele and Berne, Alexis},
   title = {Stochastic Super-Resolution for Downscaling Time-Evolving Atmospheric Fields With a Generative Adversarial Network},
   journal = {IEEE Transactions on Geoscience and Remote Sensing},
   pages = {1–13},
   year = {2020},
   type = {Journal Article}
}

@article{grover2018flowgan,
   author = {Grover, A. and Dhar, M. and Ermon, S.},
   title = {Flow-GAN: Combining Maximum Likelihood and Adversarial Learning in Generative Models},
   journal = {Thirty-Second Aaai Conference on Artificial Intelligence / Thirtieth Innovative Applications of Artificial Intelligence Conference / Eighth Aaai Symposium on Educational Advances in Artificial Intelligence},
   volume = {32},
   number = {1},
   pages = {3069-3076},
   year = {2018},
   type = {Journal Article}
}

@misc{karras2018progressive,
      title={{Progressive Growing of GANs for Improved Quality, Stability, and Variation}},
      author={Tero Karras and Timo Aila and Samuli Laine and Jaakko Lehtinen},
      year={2018},
      eprint={1710.10196},
      archivePrefix={arXiv},
      primaryClass={cs.NE}
}

@inproceedings{vandenoord2016pixelrnn,
   author = {Van Den Oord, Aäron and Kalchbrenner, Nal and Kavukcuoglu, Koray},
   title = {Pixel recurrent neural networks},
   booktitle = {33rd International Conference on Machine Learning, ICML 2016},
   volume = {4},
   pages = {2611-2620},
   year = {2016},
   type = {Conference Proceedings}
}

@inproceedings{vandenoord2016pixelcnn,
   author = {van den Oord, Aaron and Kalchbrenner, Nal and Espeholt, Lasse and kavukcuoglu, koray and Vinyals, Oriol and Graves, Alex},
   title = {Conditional Image Generation with PixelCNN Decoders},
   booktitle = {Advances in Neural Information Processing Systems},
   editor = {Lee, D. and Sugiyama, M. and Luxburg, U. and Guyon, I. and Garnett, R.},
   publisher = {Curran Associates, Inc.},
   volume = {29},
   type = {Conference Proceedings}
}

@inproceedings{reed2017pixelcnnfastersampling,
   author = {Reed, Scott and Oord, Aäron and Kalchbrenner, Nal and Colmenarejo, Sergio Gómez and Wang, Ziyu and Chen, Yutian and Belov, Dan and Freitas, Nando},
   title = {Parallel Multiscale Autoregressive Density Estimation},
   booktitle = {Proceedings of the 34th International Conference on Machine Learning},
   editor = {Doina, Precup and Yee Whye, Teh},
   publisher = {PMLR},
   volume = {70},
   pages = {2912--2921},
   year = {2017},
   type = {Conference Proceedings}
}

@inproceedings{groenke2020climnf,
   author = {Groenke, Brian and Madaus, Luke and Monteleoni, Claire},
   title = {ClimAlign: Unsupervised statistical downscaling of climate variables via normalizing flows},
   booktitle = {Proceedings of the 10th International Conference on Climate Informatics},
   publisher = {Association for Computing Machinery},
   pages = {60–66},
   DOI = {10.1145/3429309.3429318},
   year = {2020},
   type = {Conference Proceedings}
}

@inproceedings{ho2019flowpp,
   author = {Ho, Jonathan and Chen, Xi and Srinivas, Aravind and Duan, Yan and Abbeel, Pieter},
   title = {Flow++: Improving Flow-Based Generative Models with Variational Dequantization and Architecture Design},
   booktitle = {Proceedings of the 36th International Conference on Machine Learning},
   editor = {Kamalika, Chaudhuri and Ruslan, Salakhutdinov},
   publisher = {PMLR},
   volume = {97},
   pages = {2722--2730},
   year = {2019},
   type = {Conference Proceedings}
}


@article{Papamakarios2021review,
   author = {Papamakarios, George and Nalisnick, Eric and Rezende, Danilo Jimenez and Mohamed, Shakir and Lakshminarayanan, Balaji},
   title = {Normalizing Flows for Probabilistic Modeling and Inference},
   journal = {Journal of Machine Learning Research},
   volume = {22},
   number = {57},
   pages = {1-64},
   ISSN = {1533-7928},
   year = {2021},
   type = {Journal Article}
}

@article{ravuri2021deepgenprecip,
   author = {Ravuri, Suman and Lenc, Karel and Willson, Matthew and Kangin, Dmitry and Lam, Remi and Mirowski, Piotr and Fitzsimons, Megan and Athanassiadou, Maria and Kashem, Sheleem and Madge, Sam and Prudden, Rachel and Mandhane, Amol and Clark, Aidan and Brock, Andrew and Simonyan, Karen and Hadsell, Raia and Robinson, Niall and Clancy, Ellen and Arribas, Alberto and Mohamed, Shakir},
   title = {Skillful Precipitation Nowcasting using Deep Generative Models of Radar},
   DOI = {arxiv:2104.00954},
   year = {2021},
   type = {Journal Article}
}

@article{agrawal2019unetforprecip,
   author = {Agrawal, Shreya and Barrington, Luke and Bromberg, Carla and Burge, John and Gazen, Cenk and Hickey, Jason},
   title = {Machine Learning for Precipitation Nowcasting from Radar Images},
   DOI = {arxiv:1912.12132},
   year = {2019},
   type = {Journal Article}
}

@article{ayzel2020rainnet,
   author = {Ayzel, Georgy and Scheffer, Tobias and Heistermann, Maik},
   title = {RainNet v1.0: a convolutional neural network for radar-based precipitation nowcasting},
   journal = {Geoscientific Model Development},
   volume = {13},
   number = {6},
   pages = {2631-2644},
   ISSN = {1991-9603},
   DOI = {10.5194/gmd-13-2631-2020},
   year = {2020},
   type = {Journal Article}
}

@article{Ronneberger2015unet,
   author = {Ronneberger, O. and Fischer, P. and Brox, T.},
   title = {U-Net: Convolutional Networks for Biomedical Image Segmentation},
   journal = {Medical Image Computing and Computer-Assisted Intervention, Pt Iii},
   volume = {9351},
   pages = {234-241},
   ISSN = {0302-9743},
   DOI = {10.1007/978-3-319-24574-4_28},
   year = {2015},
   type = {Journal Article}
}

@article{kingma2014vaeorigin,
   author = {Kingma, Diederik P and Welling, Max},
   title = {Auto-Encoding Variational Bayes},
   year = {2014},
   type = {Journal Article}
}

@article{kingma2019vaereview,
   author = {Kingma, D. P. and Welling, M.},
   title = {An Introduction to Variational Autoencoders},
   journal = {Foundations and Trends in Machine Learning},
   volume = {12},
   number = {4},
   pages = {4-89},
   ISSN = {1935-8237},
   DOI = {10.1561/2200000056},
   year = {2019},
   type = {Journal Article}
}

@article{creswell2018ganreview,
   author = {Creswell, A. and White, T. and Dumoulin, V. and Arulkumaran, K. and Sengupta, B. and Bharath, A. A.},
   title = {Generative Adversarial Networks An overview},
   journal = {Ieee Signal Processing Magazine},
   volume = {35},
   number = {1},
   pages = {53-65},
   ISSN = {1053-5888},
   DOI = {10.1109/Msp.2017.2765202},
   year = {2018},
   type = {Journal Article}
}

@article{Kobyzev2020nfreview,
   author = {Kobyzev, I. and Prince, S. and Brubaker, M.},
   title = {Normalizing Flows: An Introduction and Review of Current Methods},
   journal = {IEEE Trans Pattern Anal Mach Intell},
   volume = {PP},
   ISSN = {1939-3539 (Electronic)
0098-5589 (Linking)},
   DOI = {10.1109/TPAMI.2020.2992934},
   year = {2020},
   type = {Journal Article}
}

@inproceedings{rezende2014vaebackprop,
   author = {Rezende, Danilo Jimenez and Mohamed, Shakir and Wierstra, Daan},
   title = {Stochastic Backpropagation and Approximate Inference in Deep Generative Models},
   booktitle = {Proceedings of the 31st International Conference on Machine Learning},
   editor = {Eric, P. Xing and Tony, Jebara},
   publisher = {PMLR},
   volume = {32},
   pages = {1278--1286},
   type = {Conference Proceedings},
   year = {2014}
}

@inproceedings{gregor2016vaeimagedrawcompression,
   author = {Gregor, Karol and Besse, Frederic and Jimenez Rezende, Danilo and Danihelka, Ivo and Wierstra, Daan},
   title = {Towards Conceptual Compression},
   booktitle = {Advances in Neural Information Processing Systems},
   editor = {Lee, D. and Sugiyama, M. and Luxburg, U. and Guyon, I. and Garnett, R.},
   publisher = {Curran Associates, Inc.},
   volume = {29},
   year = {2016},
   type = {Conference Proceedings}
}

@inproceedings{gulrajani2017pixelvae,
   author = {Gulrajani, Ishaan and Kumar, Kundan and Ahmed, Faruk and Taïga, Adrien Ali and Visin, Francesco and Vázquez, David and Courville, Aaron C.},
   title = {PixelVAE: A Latent Variable Model for Natural Images},
   booktitle = {International Conference on Learning Representation},
   year = {2017},
   type = {Conference Proceedings}
}

@inproceedings{kulkarni2015dcign,
   author = {Kulkarni, Tejas D. and Whitney, William F. and Kohli, Pushmeet and Tenenbaum, Josh},
   title = {Deep Convolutional Inverse Graphics Network},
   booktitle = {Advances in Neural Information Processing Systems},
   editor = {Cortes, C. and Lawrence, N. and Lee, D. and Sugiyama, M. and Garnett, R.},
   publisher = {Curran Associates, Inc.},
   volume = {28},
   year = {2015},
   type = {Conference Proceedings}
}

@article{white2016vaelatentmanip,
   author = {White, Tom},
   title = {Sampling Generative Networks},
   journal = {arXiv preprint},
   DOI = {arXiv:1609.04468},
   year = {2016},
   type = {Journal Article}
}

@inproceedings{larsen2016vaegan,
   author = {Larsen, Anders Boesen Lindbo and Sønderby, Søren Kaae and Larochelle, Hugo and Winther, Ole},
   title = {Autoencoding beyond pixels using a learned similarity metric},
   booktitle = {Proceedings of The 33rd International Conference on Machine Learning},
   editor = {Maria Florina, Balcan and Kilian, Q. Weinberger},
   publisher = {PMLR},
   volume = {48},
   pages = {1558--1566},
   year = {2016},
   type = {Conference Proceedings}
}

@article{liu2021srvae,
   author = {Liu, Zhi-Song and Siu, Wan-Chi and Chan, Yui-Lam},
   title = {Photo-Realistic Image Super-Resolution via Variational Autoencoders},
   journal = {IEEE Transactions on Circuits and Systems for Video Technology},
   volume = {31},
   number = {4},
   pages = {1351-1365},
   ISSN = {1051-8215
1558-2205},
   DOI = {10.1109/tcsvt.2020.3003832},
   year = {2021},
   type = {Journal Article}
}

@inproceedings{sohn2015conditionalvae,
   author = {Sohn, Kihyuk and Lee, Honglak and Yan, Xinchen},
   title = {Learning Structured Output Representation using Deep Conditional Generative Models},
   booktitle = {Advances in Neural Information Processing Systems},
   editor = {Cortes, C. and Lawrence, N. and Lee, D. and Sugiyama, M. and Garnett, R.},
   publisher = {Curran Associates, Inc.},
   volume = {28},
   year = {2015},
   type = {Conference Proceedings}
}

@article{nelder1972glm,
author = {Nelder, J. A. and Wedderburn, R. W. M.},
title = {Generalized Linear Models},
journal = {Journal of the Royal Statistical Society: Series A (General)},
volume = {135},
number = {3},
pages = {370-384},
keywords = {analysis of variance, contingency tables, exponential families, inverse polynomials, linear models, maximum likelihood, quantal response, regression, variance components, weighted least squares},
doi = {10.2307/2344614},
year = {1972}
}

@inproceedings{song2021sbgmsde,
   author = {Song, Yang and Sohl-Dickstein, Jascha and Diederik and Kumar, Abhishek and Ermon, Stefano and Poole, Ben},
   title = {Score-Based Generative Modeling through Stochastic Differential Equations},
   booktitle = {ICLR},
   DOI = {arxiv:2011.13456},
   type = {Conference Proceedings},
   year = {2021}
}

@inproceedings{dharwial2021diffbeatsgans,
   author = {Dhariwal, Prafulla and Nichol, Alexander},
   title = {Diffusion models beat GANs on image synthesis},
   booktitle = {Advances in Neural Information Processing Systems},
   volume = {34},
   url = {https://proceedings.neurips.cc/paper/2021/file/49ad23d1ec9fa4bd8d77d02681df5cfa-Paper.pdf},
   year = {2021},
   type = {Conference Proceedings}
}

@inproceedings{ho2020ddpm,
   author = {Ho, Jonathan and Jain, Ajay and Abbeel, Pieter},
   title = {Denoising diffusion probabilistic models},
   booktitle = {Advances in Neural Information Processing Systems},
   volume = {33},
   pages = {6840-6851},
   url = {https://proceedings.neurips.cc/paper/2020/hash/4c5bcfec8584af0d967f1ab10179ca4b-Abstract.html},
   type = {Conference Proceedings}
}

@inproceedings{song2019smld,
   author = {Song, Yang and Ermon, Stefano},
   title = {Generative modeling by estimating gradients of the data distribution},
   booktitle = {Advances in Neural Information Processing Systems},
   volume = {32},
   url = {https://proceedings.neurips.cc/paper/2019/hash/3001ef257407d5a371a96dcd947c7d93-Abstract.html},
   type = {Conference Proceedings}
}



