@article{skelton2019climateserviceiceberg,
   author = {Skelton, Maurice and Fischer, Andreas M. and Liniger, Mark A. and Bresch, David N.},
   title = {Who is ‘the user’ of climate services? Unpacking the use of national climate scenarios in Switzerland beyond sectors, numeracy and the research–practice binary},
   journal = {Climate Services},
   volume = {15},
   pages = {100113},
   ISSN = {2405-8807},
   DOI = {10.1016/j.cliser.2019.100113},
   year = {2019},
   type = {Journal Article}
}

@article{roessler2019ccdatauserneeds,
   author = {Rössler, O. and Fischer, A. M. and Huebener, H. and Maraun, D. and Benestad, R. E. and Christodoulides, P. and Soares, P. M. M. and Cardoso, R. M. and Pagé, C. and Kanamaru, H. and Kreienkamp, F. and Vlachogiannis, D.},
   title = {Challenges to link climate change data provision and user needs: Perspective from the COST-action VALUE},
   journal = {International Journal of Climatology},
   volume = {39},
   number = {9},
   pages = {3704-3716},
   DOI = {10.1002/joc.5060},
   year = {2019},
   type = {Journal Article}
}

@article{kaspar2019climobsgermany,
   author = {Kaspar, Frank and Kratzenstein, Frank and Kaiser-Weiss, Andrea K.},
   title = {Interactive open access to climate  observations from Germany},
   journal = {Advances in Science and Research},
   volume = {16},
   pages = {75-83},
   ISSN = {1992-0636},
   DOI = {10.5194/asr-16-75-2019},
   year = {2019},
   type = {Journal Article}
}

@article{daron2021communicatingfutureprecipchange,
   author = {Daron, Joseph and Lorenz, Susanne and Taylor, Andrea and Dessai, Suraje},
   title = {Communicating future climate projections of precipitation change},
   journal = {Climatic Change},
   volume = {166},
   number = {1-2},
   pages = {23},
   ISSN = {0165-0009
1573-1480},
   DOI = {10.1007/s10584-021-03118-9},
   year = {2021},
   type = {Journal Article}
}

@article{weaver2012climatingmodelingdecisionmaking,
   author = {Weaver, Christopher P. and Lempert, Robert J. and Brown, Casey and Hall, John A. and Revell, David and Sarewitz, Daniel},
   title = {Improving the contribution of climate model information to decision making: the value and demands of robust decision frameworks},
   journal = {WIREs Climate Change},
   volume = {4},
   number = {1},
   pages = {39-60},
   ISSN = {1757-7780
1757-7799},
   DOI = {10.1002/wcc.202},
   year = {2012},
   type = {Journal Article}
}

@article{braunreiter2018sailorsanddivers,
   author = {Braunreiter, L. and Blumer, Y. B.},
   title = {Of sailors and divers: How researchers use energy scenarios},
   journal = {Energy Research and Social Science},
   volume = {40},
   pages = {118-126},
   ISSN = {2214-6296},
   DOI = {10.1016/j.erss.2017.12.003},
   year = {2018},
   type = {Journal Article}
}

@article{scahller2020resolutionrole,
   author = {Schaller, N. and Sillmann, J. and Muller, M. and Haarsma, R. and Hazeleger, W. and Hegdahl, T. J. and Kelder, T. and van den Oord, G. and Weerts, A. and Whan, K.},
   title = {The role of spatial and temporal model resolution in a flood event storyline approach in western Norway},
   journal = {Weather and Climate Extremes},
   volume = {29},
   pages = {100259},
   ISSN = {2212-0947},
   DOI = {ARTN 100259
10.1016/j.wace.2020.100259},
   year = {2020},
   type = {Journal Article}
}

@article{braun2006thematicanalysis,
author = { Virginia   Braun  and  Victoria   Clarke },
title = {Using thematic analysis in psychology},
journal = {Qualitative Research in Psychology},
volume = {3},
number = {2},
pages = {77-101},
year  = {2006},
publisher = {Routledge},
doi = {10.1191/1478088706qp063oa},
}
